<record xmlns="http://www.loc.gov/MARC21/slim" xmlns:xsi="http://www.w3.org/2001/XMLSchema-instance" xsi:schemaLocation="http://www.loc.gov/MARC21/slim http://www.loc.gov/standards/marcxml/schema/MARC21slim.xsd"><leader>02297nam a2200457   4500</leader><controlfield tag="001">1676603</controlfield><controlfield tag="003">NIC</controlfield><controlfield tag="006">m        d        </controlfield><controlfield tag="007">cr cn |||m|||a</controlfield><controlfield tag="008">150223s1925    ua a    o     000 1 ara d</controlfield><datafield ind1=" " ind2=" " tag="040"><subfield code="a">NNU</subfield><subfield code="b">eng</subfield><subfield code="e">rda</subfield><subfield code="c">NNU</subfield></datafield><datafield ind1="1" ind2=" " tag="041"><subfield code="a">ara</subfield><subfield code="h">fre</subfield></datafield><datafield ind1=" " ind2="4" tag="082"><subfield code="a">892.72</subfield><subfield code="b">783</subfield></datafield><datafield ind1="1" ind2=" " tag="100"><subfield code="a">Rostand, Edmond,</subfield><subfield code="d">1868-1918.</subfield></datafield><datafield ind1="1" ind2="0" tag="240"><subfield code="a">Cyrano de Bergerac.</subfield><subfield code="l">Arabic</subfield></datafield><datafield ind1="1" ind2="3" tag="245"><subfield code="6">880-01</subfield><subfield code="a">al-Sha&#772;&#699;ir, aw, Si&#772;ra&#772;nu&#772; di&#772; birjira&#772;k /</subfield><subfield code="c">bi-qalam Mus&#803;t&#803;afa&#769; Lut&#803;fi&#772; al-Manfalu&#772;t&#803;i&#772;.</subfield></datafield><datafield ind1="3" ind2=" " tag="246"><subfield code="6">880-02</subfield><subfield code="a">Si&#772;ra&#772;nu&#772; di&#772; birjira&#772;k</subfield></datafield><datafield ind1=" " ind2=" " tag="250"><subfield code="6">880-03</subfield><subfield code="a">al-T&#803;ab&#699;ah 3.</subfield></datafield><datafield ind1=" " ind2=" " tag="260"><subfield code="6">880-04</subfield><subfield code="a">Mis&#803;r :</subfield><subfield code="b">Yut&#803;labu min al-Maktabah al-Tuja&#772;ri&#772;yah al-Kubra&#769;,</subfield><subfield code="c">1925.</subfield></datafield><datafield ind1=" " ind2=" " tag="300"><subfield code="a">online resource (350 pages) :</subfield><subfield code="b">illustrations</subfield></datafield><datafield ind1=" " ind2=" " tag="336"><subfield code="a">text</subfield><subfield code="2">rdacontent</subfield></datafield><datafield ind1=" " ind2=" " tag="337"><subfield code="a">computer</subfield><subfield code="2">rdamedia</subfield></datafield><datafield ind1=" " ind2=" " tag="338"><subfield code="a">online resource</subfield><subfield code="2">rdacarrier</subfield></datafield><datafield ind1=" " ind2=" " tag="500"><subfield code="a">"Wa haya khula&#772;s&#803;at al-riwa&#772;yah al-tamthi&#772;li&#772;yah allati&#772; wada&#803;&#699;aha al-Sha&#772;&#700;ir al-&#699;az&#803;i&#772;m Idmu&#772;n Rusta&#772;n, tashtamil &#699;ala&#769; 24 rasman."</subfield></datafield><datafield ind1=" " ind2=" " tag="500"><subfield code="a">Part of the Arabic Collections Online (ACO) project, contributed by Cornell University Libraries.</subfield></datafield><datafield ind1=" " ind2=" " tag="533"><subfield code="a">Electronic reproduction.</subfield><subfield code="b">New York, N.Y. :</subfield><subfield code="c">New York University,</subfield><subfield code="d">2015.</subfield><subfield code="5">NNU</subfield></datafield><datafield ind1="1" ind2="0" tag="600"><subfield code="a">Cyrano de Bergerac,</subfield><subfield code="d">1619-1655</subfield><subfield code="v">Fiction.</subfield></datafield><datafield ind1="1" ind2="7" tag="600"><subfield code="a">Cyrano de Bergerac,</subfield><subfield code="d">1619-1655</subfield><subfield code="2">fast</subfield><subfield code="0">(OCoLC)fst00019438</subfield></datafield><datafield ind1=" " ind2="7" tag="655"><subfield code="a">Fiction.</subfield><subfield code="2">fast</subfield><subfield code="0">(OCoLC)fst01423787</subfield></datafield><datafield ind1="1" ind2=" " tag="700"><subfield code="6">880-05</subfield><subfield code="a">Manfalu&#772;t&#803;i&#772;, Mus&#803;t&#803;afa&#769; Lut&#803;fi&#772;,</subfield><subfield code="d">1876?-1924.</subfield></datafield><datafield ind1="2" ind2=" " tag="710"><subfield code="a">Cornell University.</subfield><subfield code="b">Libraries.</subfield></datafield><datafield ind1="0" ind2=" " tag="730"><subfield code="a">Arabic Collections Online.</subfield></datafield><datafield ind1="0" ind2="8" tag="776"><subfield code="i">Print version:</subfield><subfield code="a">Rostand, Edmond, 1868-1918.</subfield><subfield code="t">al-Sha&#772;&#699;ir, aw, Si&#772;ra&#772;nu&#772; di&#772; birjira&#772;k</subfield><subfield code="w">(NIC)1676603</subfield><subfield code="w">(OCoLC)29723943</subfield></datafield><datafield ind1="4" ind2="0" tag="856"><subfield code="u">http://hdl.handle.net/2333.1/w3r22b97</subfield></datafield><datafield ind1="1" ind2="2" tag="880"><subfield code="6">245-01/r</subfield><subfield code="a">&#1575;&#1604;&#1588;&#1575;&#1593;&#1585;&#1548; &#1575;&#1608;&#1548; &#1587;&#1610;&#1585;&#1575;&#1606;&#1608;&#1575; &#1583;&#1610; &#1576;&#1585;&#1580;&#1585;&#1575;&#1603; /</subfield><subfield code="c">&#1576;&#1602;&#1604;&#1605; &#1605;&#1589;&#1591;&#1601;&#1609; &#1604;&#1591;&#1601;&#1610; &#1575;&#1604;&#1605;&#1606;&#1601;&#1604;&#1608;&#1591;&#1610;.</subfield></datafield><datafield ind1="3" ind2=" " tag="880"><subfield code="6">246-02/r</subfield><subfield code="a">&#1587;&#1610;&#1585;&#1575;&#1606;&#1608;&#1575; &#1583;&#1610; &#1576;&#1585;&#1580;&#1585;&#1575;&#1603;</subfield></datafield><datafield ind1=" " ind2=" " tag="880"><subfield code="6">250-03/r</subfield><subfield code="a">&#1575;&#1604;&#1591;&#1576;&#1593;&#1577; 3.</subfield></datafield><datafield ind1=" " ind2=" " tag="880"><subfield code="6">260-04/r</subfield><subfield code="a">&#1605;&#1589;&#1585; :</subfield><subfield code="b">&#1610;&#1591;&#1604;&#1576; &#1605;&#1606; &#1575;&#1604;&#1605;&#1603;&#1578;&#1576;&#1577; &#1575;&#1604;&#1578;&#1580;&#1575;&#1585;&#1610;&#1577; &#1575;&#1604;&#1603;&#1576;&#1585;&#1609;&#1548;</subfield><subfield code="c">1925.</subfield></datafield><datafield ind1="1" ind2=" " tag="880"><subfield code="6">700-05/r</subfield><subfield code="a">&#1605;&#1606;&#1601;&#1604;&#1608;&#1591;&#1610;&#1548; &#1605;&#1589;&#1591;&#1601;&#1609; &#1604;&#1591;&#1601;&#1610;&#1548;</subfield><subfield code="d">1876&#1567;1924.</subfield></datafield><datafield ind1=" " ind2=" " tag="959"><subfield code="a">NNU</subfield><subfield code="b">WEB</subfield><subfield code="c">GENI</subfield><subfield code="t">0</subfield><subfield code="m">Electronic access</subfield><subfield code="s">01</subfield></datafield><datafield ind1=" " ind2=" " tag="999"><subfield code="i">NIC_1676603</subfield><subfield code="o">(OCoLC)ocm29723943</subfield><subfield code="s">cornell_aco000019</subfield></datafield></record>